<mx:record xmlns="http://www.w3.org/TR/xhtml1/strict" xmlns:mx="http://www.loc.gov/MARC21/slim" xmlns:xsi="http://www.w3.org/2001/XMLSchema-instance"><mx:leader>00000nz   2200000n  0000</mx:leader><mx:controlfield tag="001">oca03858446 </mx:controlfield><mx:controlfield tag="005">19950616053343.6</mx:controlfield><mx:controlfield tag="008">950614n| acannaab|          |a aac     c</mx:controlfield><mx:datafield ind1=" " ind2=" " tag="010"><mx:subfield code="a">nr 95022104</mx:subfield></mx:datafield><mx:datafield ind1=" " ind2=" " tag="040"><mx:subfield code="a">NNC</mx:subfield><mx:subfield code="c">NNC</mx:subfield></mx:datafield><mx:datafield ind1="0" ind2=" " tag="100"><mx:subfield code="a">Sueius</mx:subfield></mx:datafield><mx:datafield ind1="1" ind2=" " tag="400"><mx:subfield code="a">Seius, M.</mx:subfield></mx:datafield><mx:datafield ind1=" " ind2=" " tag="670"><mx:subfield code="a">His Carmina [CF] 1991:</mx:subfield><mx:subfield code="b">PHI CD ROM #5.3, Latin Canon, bibliographic screen (Sueius)</mx:subfield></mx:datafield><mx:datafield ind1=" " ind2=" " tag="670"><mx:subfield code="a">Oxford class. dict., 1st ed.:</mx:subfield><mx:subfield code="b">p. 865 (Sueius; a pedantic writer of moral idylls. Some authorities attempt to identify him as Seius, a friend of Cicero and Varro)</mx:subfield></mx:datafield><mx:datafield ind1=" " ind2=" " tag="670"><mx:subfield code="a">Pauly-Wissowa:</mx:subfield><mx:subfield code="b">2. Reihe, 7. Halbbd., col. 580-581 (Sueius; Roman poet; the name is often corrupted in the manuscripts though correctly cited in Müller Rh. Mus. XXIV 553; more would be known if identification could be made with M. Seius, but the spelling of the name prevents this)</mx:subfield></mx:datafield><mx:datafield ind1=" " ind2=" " tag="670"><mx:subfield code="a">The Fragmentary latin poets, 1993:</mx:subfield><mx:subfield code="b">p. 112-117 (Sueius; nothing is known of this bearer of the name; attempts to identify him with Seuius Nicanor or M. Seius, the friend of Cicero and Varro who kept flocks of birds at his villa, founder on the need to alter the form of the name, which clearly and consistently emerges from superficial corruptions in the sources; he is a contemporary of Cicero)</mx:subfield></mx:datafield><mx:datafield ind1=" " ind2=" " tag="675"><mx:subfield code="a">NUC pre-56.</mx:subfield></mx:datafield></mx:record>